@misc{citation,
    Author =       {someone},
    Title =        {title},
    Year =         2021,
    Month =        {Jan},
    URL =          {DOC/aia2014_pavese_et_al.pdf}
}